<?xml version="1.0" encoding="UTF-8"?><collection xmlns="http://www.loc.gov/MARC21/slim"><record><leader>00306nam--2200121-i-4500</leader><controlfield tag="001">000015920</controlfield><controlfield tag="002">20161230</controlfield><controlfield tag="005">20161230201031</controlfield><controlfield tag="008">060222s1000------------r-----000-0-eng-d</controlfield><datafield ind1=" " ind2=" " tag="080"><subfield code="a">576.3.539.12.04</subfield></datafield><datafield ind1=" " ind2=" " tag="245"><subfield code="a">Cellular radiobiology</subfield></datafield><datafield ind1=" " ind2=" " tag="260"><subfield code="a">Cambridge, Cambridge University Press 1979 320 P</subfield></datafield><datafield ind1=" " ind2=" " tag="852"><subfield code="a">74L32</subfield></datafield></record></collection>